<?xml version="1.0" encoding="UTF-8"?><record xmlns="http://www.loc.gov/MARC21/slim" xmlns:cinclude="http://apache.org/cocoon/include/1.0" xmlns:zs="http://www.loc.gov/zing/srw/">
  <leader>00593nz  a2200145n  4500</leader>
  <controlfield tag="001">no2008181808</controlfield>
  <controlfield tag="003">DLC</controlfield>
  <controlfield tag="005">20081211105104.0</controlfield>
  <controlfield tag="008">081209n| acannaabn          |a aaa     c</controlfield>
  <datafield tag="010" ind1=" " ind2=" ">
    <subfield code="a">no2008181808</subfield>
  </datafield>
  <datafield tag="035" ind1=" " ind2=" ">
    <subfield code="a">(OCoLC)oca07960171</subfield>
  </datafield>
  <datafield tag="040" ind1=" " ind2=" ">
    <subfield code="a">FJUNF</subfield>
    <subfield code="b">eng</subfield>
    <subfield code="c">FJUNF</subfield>
  </datafield>
  <datafield tag="100" ind1="1" ind2=" ">
    <subfield code="a">Parkhurst, Jesse Gain,</subfield>
    <subfield code="d">1984-</subfield>
  </datafield>
  <datafield tag="400" ind1="1" ind2=" ">
    <subfield code="a">Parkhurst, Jesse Brenton Gain</subfield>
  </datafield>
  <datafield tag="670" ind1=" " ind2=" ">
    <subfield code="a">The influence of macroporosity on modulus of elasticity, 2009, i.e. 2008</subfield>
    <subfield code="b">t.p. (Jesse Gain Parkhurst) author info. sheet (Jesse Brenton Gain Parkhurst ... Jesse Brenton Parkhurst ... year of birth: 1984) curriculum vita (Jesse Parkhurst)</subfield>
  </datafield>
</record>